<?xml version="1.0" encoding="UTF-8"?><collection xmlns="http://www.loc.gov/MARC21/slim"><record><leader>00506nam--2200169-i-4500</leader><controlfield tag="001">000007054</controlfield><controlfield tag="002">20161230</controlfield><controlfield tag="005">20161230201027</controlfield><controlfield tag="008">060222s1000------------r-----000-0-eng-d</controlfield><datafield ind1=" " ind2=" " tag="040"><subfield code="a">IFIN-HH</subfield></datafield><datafield ind1=" " ind2=" " tag="080"><subfield code="a">77:413.233=2=4=3</subfield></datafield><datafield ind1="1" ind2=" " tag="100"><subfield code="a">Craeybeckx, A.S.H</subfield></datafield><datafield ind1="1" ind2="0" tag="245"><subfield code="a">Elsevier's dictionary of photography in three languages: english, french and german</subfield><subfield code="c">A.s.h. craeybeckx</subfield></datafield><datafield ind1=" " ind2=" " tag="260"><subfield code="a">Amsterdam</subfield><subfield code="b">Elsevier Publishing Company</subfield><subfield code="c">1965</subfield></datafield><datafield ind1=" " ind2=" " tag="300"><subfield code="a">660P</subfield></datafield><datafield ind1=" " ind2=" " tag="852"><subfield code="a">D.332</subfield><subfield code="c">SLT</subfield></datafield><datafield ind1=" " ind2=" " tag="CAT"><subfield code="a">Sys</subfield><subfield code="c">20130225</subfield><subfield code="h">121912</subfield></datafield></record></collection>